<record><leader>00000cas a2200000 a 4500</leader><controlfield tag="001">12727535</controlfield><controlfield tag="008">851028d18861886ksuwr ne      0    0eng d</controlfield><datafield ind1=" " ind2=" " tag="010"><subfield code="a">sn 85066724 </subfield></datafield><datafield ind1=" " ind2=" " tag="040"><subfield code="a">KSH</subfield><subfield code="b">eng</subfield><subfield code="c">KSH</subfield><subfield code="d">NPT</subfield><subfield code="d">OCL</subfield><subfield code="d">OCLCQ</subfield></datafield><datafield ind1=" " ind2=" " tag="042"><subfield code="a">msc</subfield></datafield><datafield ind1="0" ind2=" " tag="130"><subfield code="a">Rose of Sharon (Sharon Springs, Kan.)</subfield></datafield><datafield ind1="1" ind2="4" tag="245"><subfield code="a">The rose of Sharon.</subfield></datafield><datafield ind1=" " ind2=" " tag="260"><subfield code="a">Sharon Springs, Kan. :</subfield><subfield code="b">Estella J. Wilson,</subfield><subfield code="c">1886-</subfield></datafield><datafield ind1=" " ind2=" " tag="300"><subfield code="a">v. ;</subfield><subfield code="c">51 cm.</subfield></datafield><datafield ind1=" " ind2=" " tag="310"><subfield code="a">Weekly</subfield></datafield><datafield ind1="0" ind2=" " tag="362"><subfield code="a">Vol. 1, no. 1 (Apr. 28, 1886)-</subfield></datafield><datafield ind1="1" ind2=" " tag="362"><subfield code="a">Ceased with Sept. 9, 1886 issue?</subfield></datafield><datafield ind1=" " ind2=" " tag="500"><subfield code="a">Published by W.D. Brown, July 14, 1886-</subfield></datafield><datafield ind1=" " ind2=" " tag="752"><subfield code="a">United States</subfield><subfield code="b">Kansas</subfield><subfield code="c">Wallace</subfield><subfield code="d">Sharon Springs.</subfield></datafield><datafield ind1="1" ind2=" " tag="029"><subfield code="a">AU@</subfield><subfield code="b">000022170164</subfield></datafield></record>